@online{online-example,
	author = {James Tetazoo},
	title = {A brief guide to recreational pyromania},
	url = {http://www.blowinglotsofweirdstuffup.com/guide.html},
	urldate = {2005-06-12},
	date = {2005-06-12}
}

@book{book-example,
	author = {L M Napster},
	title = {Mathematical Theory of Efficient Piracy},
	series = {Lecture Notes in Mathematics},
	volume = {3204},
	publisher = {Springer Verlag},
	address = {New York NY},
	year = {1998}
}

@phdthesis{thesis-example,
	author = {O P Qwerty},
	title = {History of the Goofy Layout of Keyboards},
	publisher = {Podunk University Arcana Department},
	school = {University of Success},
	address = {Podunk IN},
	year = {1996}
}

@inproceedings{conference-example,
	title = {Vision Guided Bin Picking and Mounting in a Flexible Assembly Cell},
	isbn = {978-3-540-67689-8 978-3-540-45049-8},
	url = {https://link.springer.com/chapter/10.1007/3-540-45049-1_14},
	doi = {10.1007/3-540-45049-1_14},
	series = {Lecture Notes in Computer Science},
	year = {2012},
	pages = {109--117},
	booktitle = {Intelligent Problem Solving. Methodologies and Approaches},
	publisher = {Springer, Berlin, Heidelberg},
	author = {Berger, Martin and Bachler, Gernot and Scherer, Stefan}
}

@article{journal-example,
	title = {Eye-in-hand vision-based robotic bin-picking with active laser projection},
	volume = {85},
	number = {9},
	year = {2008},
	issn = {0268-3768, 1433-3015},
	url = {https://link.springer.com/article/10.1007/s00170-015-8120-0},
	doi = {10.1007/s00170-015-8120-0},
	pages = {2873--2885},
	journal = {The International Journal of Advanced Manufacturing Technology},
	shortjournal = {Int J Adv Manuf Technol},
	author = {Chang, Wen-Chung and Wu, Chia-Hung},
	urldate = {2018-05-19},
	date = {2016-08-01}
}

@incollection{incollection-example,
	title = {Real-Time Obstacle Avoidance for Manipulators and Mobile Robots},
	isbn = {978-1-4613-8999-6 978-1-4613-8997-2},
	url = {https://link.springer.com/chapter/10.1007/978-1-4613-8997-2_29},
	pages = {396--404},
	booktitle = {Autonomous Robot Vehicles},
	publisher = {Springer, New York, {NY}},
	author = {Khatib, Oussama},
	urldate = {2018-05-19},
	date = {1986},
	doi = {10.1007/978-1-4613-8997-2_29}
}

@report{report-example,
	title = {Rapidly-Exploring Random Trees: A New Tool for Path Planning},
	shorttitle = {Rapidly-Exploring Random Trees},
	abstract = {We introduce the concept of a Rapidly-exploring Random Tree ({RRT}) as a randomized data structure that is designed for a broad class of path planning problems. While they share many of the beneficial properties of existing randomized planning techniques, {RRTs} are specifically designed to handle nonholonomic constraints (including dynamics) and high degrees of freedom. An {RRT} is iteratively expanded by applying control inputs that drive the system slightly toward randomly-selected points, as opposed to requiring point-to-point convergence, as in the probabilistic roadmap approach. Several desirable properties and a basic implementation of {RRTs} are discussed. To date, we have successfully applied {RRTs} to holonomic, nonholonomic, and kinodynamic planning problems of up to twelve degrees of freedom.},
	author = {Lavalle, Steven M.},
	date = {1998}
}

@software{software-example,
	title = {{ROS} Package for {PhoXi} Scanner/Camera. photoneo/phoxi\_camera},
	url = {https://github.com/photoneo/phoxi_camera},
	shorttitle = {{ROS} Package for {PhoXi} Scanner/Camera.},
	publisher = {Photoneo s. r. o.},
	urldate = {2019-05-08},
	date = {2019-03-31},
	note = {original-date: 2016-03-10T05:40:00Z}
}

@mastersthesis{mastersthesis-example,
	author = {János Tobik},
	title = {Ipari robotok web-alapú generikus programozása},
	school = {Neumann Faculty of Informatics, Óbuda University},
	year = {2020}
}

%NEM példák

@book{Nikon_D6_referencia_használati_utasítás,
    publisher = {Nikon Corporation},
	title = {Nikon Digital Camera D6 Reference Manual},
	url = {https://download.nikonimglib.com/archive5/0oe4m002nsFr05KoORv45kblOr42/D6RM_(En)04.pdf},
	urldate = {2023-06-10},
	date = {2020},
    pages = {1037-1048, 869}
}

@book{Nikon_D6_referencia_használati_utasítás_aperture,
    publisher = {Nikon Corporation},
	title = {Nikon Digital Camera D6 Reference Manual},
	url = {https://download.nikonimglib.com/archive5/0oe4m002nsFr05KoORv45kblOr42/D6RM_(En)04.pdf},
	urldate = {2023-06-10},
	date = {2020},
    pages = {869}
}

@online{ Nikon_FTZ_Review,
    title = {Nikon FTZ \& FTZ II Lens Adapter Compatibility},
    url = {https://kenrockwell.com/nikon/mirrorless/lenses/ftz.htm},
    %Bemutatkozás, 6. bekezdés, 1-2. sor},
    urldate = {2023-06-11},
    date = {2021-11-06},
    author = {Ken Rockwell}
}
@online{ Nikon_Z_Release,
    title = {Nikon strikes back at Sony with first full-frame mirrorless cameras},
    url = {https://www.theverge.com/circuitbreaker/2018/8/23/17768890/nikon-z7-z6-cameras-announced-pricing-features-release-date},
    urldate = {2023-06-12},
    date = {2018-09-23},
    author = {Chris Welch},
    publisher = {theverge}
}
@online{Nikon_F_mount-ról,
    title = {Nikon F-Mount},
    url = {https://www.nikonusa.com/en/learn-and-explore/a/products-and-innovation/nikon-f-mount.html},
    urldate = {2023-06-12}
}
@online {Nikon_naming_convention,
    title = {Nikon Lens Technology},
    url = {https://kenrockwell.com/nikon/nikortek.htm},
    urldate = {2023-06-12},
    date = {2020-01-07},
    author = {Ken Rockwell}
}
@online {Nikon_CPU,
    date = {2016-10-07},
    title = {How to identify a CPU lens},
    url = {https://www.nikonimgsupport.com/eu/BV_article?lang=en_GB&articleNo=000006512},
    urldate = {2023-06-13}
}
@inproceedings{Practical_design_considerations_for_modern_photographic_optics,
author = {Ken Rockwell},
title = {{Practical design considerations for modern photographic optics}},
volume = {7428},
booktitle = {Current Developments in Lens Design and Optical Engineering X},
editor = {Pantazis Z. Mouroulis and R. Barry Johnson and Virendra N. Mahajan},
organization = {International Society for Optics and Photonics},
publisher = {SPIE},
pages = {742804},
keywords = {SLR, TTL, Falloff, Distortion, Diaphragm, Digital Capture, Photography, Photographic},
year = {2009},
doi = {10.1117/12.828380},
URL = {https://doi.org/10.1117/12.828380}
}

@online {Legacy_lenses,
    %date = {2016-10-07},
    title = {Using legacy NIKKOR lenses with the Nikon Df},
    url = {https://www.nikonusa.com/en/learn-and-explore/a/products-and-innovation/using-legacy-nikkor-lenses-with-the-nikon-df.html#},
    urldate = {2023-06-13}
}

@online {Lens_naming,
    date = {2018-01-05},
    title = {NIKKOR F-Mount Lens Types},
    url = {https://www.nikonimgsupport.com/eu/BV_article?lang=en_GB&articleNo=000039918},
    urldate = {2023-06-13}
}

@online {Lens_naming_af,
    date = {2018-01-05},
    title = {NIKKOR Lens AF Drive Systems},
    url = {https://www.nikonimgsupport.com/eu/BV_article?lang=en_GB&articleNo=000039919},
    urldate = {2023-06-13}
}

@article{Nikon-bajonett,
author={Sischka,Nicholas},
year={2020},
month={01},
title={Design Considerations for New High Resolution and Frame Rate CMOS Sensors},
journal={Quality, suppl.VISION \& SENSORS},
pages={10-13},
note={Copyright - Copyright BNP Media Jan 2020; Last updated - 2022-10-23},
abstract={Sischka discusses design considerations for novel high resolution and frame rate CMOS sensors. Lens and camera sensor technology tends to co-evolve. As cameras drive to smaller and smaller pixel sizes with growing formats, lenses need to he designed to match those higher capabilities. However, they evolve at vastly different rates from one another, with the advancement of sensor technology vastly outpacing that of optics. Commercially available cameras using CCD imaging sensors were only developed in the 1970s (by Kodak-Eastman), and at the time optics technology had been around for hundreds of years.},
keywords={Engineering; CMOS; Design; Sensors; Optics; Cameras; High resolution; Vision systems},
isbn={03609936},
language={English},
url={https://www.proquest.com/scholarly-journals/design-considerations-new-high-resolution-frame/docview/2347789914/se-2},
}
@online {Nikon_Z,
    %date = {2018-01-05},
    title = {Nikon Z Series: Z Mount System},
    url = {https://www.nikonusa.com/en/learn-and-explore/a/products-and-innovation/nikon-z-series-z-mount-system.html},
    urldate = {2023-06-13}
}
@online {MILC_def,
    title = {MILC},
    urldate = {2023-06-15},
    url = {https://acronyms.thefreedictionary.com/MILC}
}
@article{Reverse_engineering,
  author={Rekoff, M. G.},
  journal={IEEE Transactions on Systems, Man, and Cybernetics}, 
  title={On reverse engineering}, 
  year={1985},
  volume={SMC-15},
  number={2},
  pages={244-252},
  doi={10.1109/TSMC.1985.6313354}
}
@article{hancock2010evaluating,
  title={Evaluating oscilloscope sample rates vs. sampling fidelity: How to make the most accurate digital measurements},
  author={Hancock, Johnnie},
  journal={EDUCATING ENGINEERS IN THE WILD, WILD WEST},
  pages={60},
  year={2010}
}
@article{por2019nyquist,
  title={Nyquist--Shannon sampling theorem},
  author={Por, Emiel and van Kooten, Maaike and Sarkovic, Vanja},
  journal={Leiden University},
  volume={1},
  number={1},
  year={2019},
  url = {https://home.strw.leidenuniv.nl/~por/AOT2019/docs/AOT_2019_Ex13_NyquistTheorem.pdf}
}
@online{digital_vs_analog,
    title = {Logic Analyzer vs. Oscilloscope},
    usrl = {https://articles.saleae.com/logic-analyzers/logic-analyzer-vs.-oscilloscope},
    urldate = {2023-06-15},
    date = {2022}
}
@online{Nikon_Z50,
    url = {https://www.nikon.hu/hu_HU/product/cameras/z-50},
    date = {2023},
    urldate = {2023-06-15}
}
@online{Nikon_Z_16-50,
    url = {https://www.nikonusa.com/en/nikon-products/product/mirrorless-lenses/nikkor-z-dx-16-50mm-f\%252f3.5-6.3-vr.html},
    date = {2023},
    urldate = {2023-06-15}
}

@online{arduino_docs,
    title = {Arduino Mega 2560 Rev3},
    url = {https://docs.arduino.cc/hardware/mega-2560},
    urldate = {2023-06-15}
}
@online{arduino_aram,
    url = {https://docs.arduino.cc/learn/electronics/power-pins},
    title = {Powering Alternatives for Arduino Boards},
    date = {2023-06-14},
    urldate = {2023-06-15}
}
@article{parmar2017design,
  title={Design and Development of Stepper Motor Position Control using Arduino Mega 2560},
  author={Parmar, Shailesh J and Zala, Mital S and Thaker, Ishita S and Solanki, Ketan M},
  journal={International Journal of Science Technology and Engineering},
  volume={3},
  number={09},
  year={2017}
}
@online{Nikon_AF,
    title = {NIKKOR Lens AF Drive Systems},
    date = {2018-01-05},
    urldate = {2023-06-15},
    url = {https://www.nikonimgsupport.com/eu/BV_article?articleNo=000039919&configured=1&lang=en_GB}
}
@online{drive,
    urldate = {2023-06-15},
    date = {2022},
    title = {User’s Manual For DM542},
    url = {https://kitaez-cnc.com/f/dm542.pdf}
}
@book{monk2023programming,
  title={Programming Arduino: getting started with sketches},
  author={Monk, Simon},
  year={2023},
  publisher={McGraw-Hill Education},
  pages = {8}
}
@online{templates,
    url = {https://github.com/Rahix/avr-hal-template},
    urldate = {2023-06-15},
    title = {avr-hal-template}
}
@online{cargo,
    url = {https://doc.rust-lang.org/cargo/commands/cargo.html},
    title = {The Cargo Book},
    urldate = {2023-06-15}
}
@online{cargo-generate,
    title = {Cargo Generate Documentation},
    url = {https://cargo-generate.github.io/cargo-generate/},
    urldate = {2023-06-15}
}
@online{avrdude,
    title = {AVRDUDE},
    urldate = {2023-06-15},
    url = {https://github.com/avrdudes/avrdude}
}
@online{Nikon_tori,
    title = {Corporate History},
    url = {https://www.nikon.com/company/corporate/history/chronology/1917/},
    urldate = {2023-06-15}
}
@manual{ATmega_processor_datasheet,
    title = {ATmega640/1280/1281/2560/2561 Datasheet},
    organization = {Microchip Technology Inc.},
    address = {2355 West Chandler Blvd. Chandler, Arizona, USA},
    edition = {Rev. DS40002211A-05/2020},
    year = {2020},
    month = {02},
    url = {https://ww1.microchip.com/downloads/en/DeviceDoc/ATmega640-1280-1281-2560-2561-Datasheet-DS40002211A.pdf},
    urldate = {2023-12-15},
    pages = {40, 11, 17, 18, 7}
}
@book{smith1992high,
    title = {High frequency measurements and noise in electronic circuits},
    author = {Smith, Douglas C},
    year = {1992},
    publisher = {Springer Science \& Business Media},
    pages = {5}
}
@manual{arduino_at_mega_datasheet,
    title = {Arduino® MEGA 2560 Rev3},
    organization = {Arduino S.r.l},
    address = {Arduino SRL, Via Andrea Appiani 25, 20900 Monza MB, Italy},
    edition = {Revision 2},
    year = {2023},
    month = {10},
    day = {09},
    url = {https://docs.arduino.cc/resources/datasheets/A000067-datasheet.pdf},
}
@online{adc_sleep_mode_description,
    title = {Sleep Mode},
    url = {https://onlinedocs.microchip.com/pr/GUID-CE65F72F-200A-4AE0-BD9D-213D66B005E7-en-US-1/index.html?GUID-C5DD5856-35D9-4574-9292-29CFA0151B43},
    urldate = {2024-05-15},
}
@article{noise_reduction_omp,
    author={Morales-Perez, Carlos Javier and de Jesus Rangel-Magdaleno, Jose and Peregrina-Barreto, Hayde and Garcia-Perez, Arturo and Ramirez-Cortes, Juan Manuel},
    journal={IEEE Transactions on Instrumentation and Measurement}, 
    title={Noise Reduction in Electrical Signal Using OMP Algorithm Based on DCT and DSC Dictionaries}, 
    year={2022},
    volume={71},
    number={},
    pages={1-11},
    keywords={Matching pursuit algorithms;Dictionaries;Noise reduction;Discrete cosine transforms;Transforms;Sparse matrices;Discrete Fourier transforms;Discrete cosine transform (DCT);discrete sine transform (DST);electrical signal;filtering;noise reduction;orthogonal matching pursuit (OMP) algorithm;sparse representation (SR);white noise},
    doi={10.1109/TIM.2021.3135319}
}
@inproceedings{signal_extraction_omp,
  author={Morales-Perez, Carlos and Rangel-Magdaleno, Jose and Peregrina-Barreto, Hayde and Cerezo-Sanchez, Jorge and Leon-Bonilla, Ambrosio},
  booktitle={2022 IEEE International Autumn Meeting on Power, Electronics and Computing (ROPEC)}, 
  title={Selective Signal Extraction based on OMP algorithm and DCT and DST Dictionaries}, 
  year={2022},
  volume={6},
  number={},
  pages={1-6},
  keywords={Training;Dictionaries;Filtering;Matching pursuit algorithms;Bandwidth;Transforms;Power electronics},
  doi={10.1109/ROPEC55836.2022.10018725}
}
@online{ufmt_rust,
    title = {Crate ufmt},
    url = {https://docs.rs/ufmt/latest/ufmt/},
    urldate = {2025-04-23},
}
@online{serde_rust,
    title = {Crate ufmt},
    url = {https://docs.rs/serde/latest/serde/},
    urldate = {2025-04-23},
}
@online{serde_json_rust,
    title = {Crate ufmt},
    url = {https://docs.rs/serde_json/1.0.140/serde_json/},
    urldate = {2025-04-23},
}
@online{serde_json_core_rust,
    title = {Crate ufmt},
    url = {https://docs.rs/serde-json-core/latest/serde_json_core/},
    urldate = {2025-04-23},
}
@manual{json_standard,
    title = {The JSON Data Interchange Syntax},
    organization = {Ecma International},
    address = {Rue du Rhône 114, 1204 Geneva, Switzerland},
    edition = {2nd edition, December 2017},
    year = {2017},
    month = {12},
    url = {https://ecma-international.org/wp-content/uploads/ECMA-404_2nd_edition_december_2017.pdf},
    urldate = {2025-04-24},
    pages = {}
}
@article{evans2011arduino,
  title={Arduino programoz{\'a}si k{\'e}zik{\"o}nyv},
  author={Evans, Brian W and R{\'o}bert, Cseh and Igoe, Tom and Jolliffe, Daniel and Kurt, Todd and Mellis, David and others},
  journal={TavIR, Budapest},
  year={2011}
}
@online{nikonhackers_understanding_firmware,
    title = {Understanding Firmware},
    url = {https://web.archive.org/web/20230323004623/https://nikonhacker.com/wiki/Understanding_Firmware},
    urldate = {2025-04-26},
}
@online{nikon_support_firmware_list,
    title = {Understanding Firmware},
    url = {https://www.nikonproductsupport.com/s/article/14356?language=en_CA},
    urldate = {2025-04-26},
}
@article{tamas2019celzott,
  title={C{\'e}lzott kibert{\'a}mad{\'a}sok},
  author={TAM{\'A}S--SEB{\H{O}}K, BOD{\'O} ATTILA P{\'A}L--MARSI and N{\'O}RA, VIKT{\'O}RIA--Z{\'A}MB{\'O}},
  year={2019}
}
@online{tamas2019celzzott_firmware_def,
    title = {Firmware},
    url = {https://pcforum.hu/szotar/firmware},
    urldate = {2025-03-22}
}
@article{nadir2022taxonomy,
  title={A taxonomy of IoT firmware security and principal firmware analysis techniques},
  author={Nadir, Ibrahim and Mahmood, Haroon and Asadullah, Ghalib},
  journal={International Journal of Critical Infrastructure Protection},
  volume={38},
  pages={100552},
  year={2022},
  publisher={Elsevier}
}
@manual{nikond5100_update_manual,
    title = {Updating Digital SLR Camera Firmware},
    organization = {Nikon Corporation},
    address = {1-5-20, Nishioi, Shinagawa-ku, Tokyo 140-8601, Japan},
    url = {https://nikonimglib.com/europe/Firmware/D5100/v1.02/En/dslr_win_en.html},
    urldate = {2024-12-15},
}
@online{Nikon_Patch,
    title = {Nikon Patch},
    url = {https://github.com/simeonpilgrim/nikon-firmware-tools/tree/master/Nikon-Patch},
    urldate = {2025-03-26}
}
@inproceedings{miessler2015securing,
  title={Securing the internet of things: Mapping attack surface areas using the OWASP IoT top 10},
  author={Miessler, Daniel},
  booktitle={RSA conference},
  volume={2015},
  year={2015}
}
@online{meike_z,
    title = {MK-Z-AF1},
    url = {http://www.mkgrip.com/goods/show-297.html},
    urldate = {2025-03-26}
}
@online{meike_f,
    title = {MK-N-AF1-A},
    url = {http://mkgrip.com/goods/show-148.html},
    urldate = {2025-03-26}
}
@online{nikon_d850,
    title = {Nikon D850},
    url = {https://www.kenrockwell.com/nikon/d850.htm},
    urldate = {2025-03-26}
}
@manual{json_standard,
    title = {AVR151: Setup and Use of the SPI},
    organization = {Atmel Corporation},
    address = {1600 Technology Drive, San Jose, CA 95110 USA},
    edition = {02/2016},
    year = {2016},
    month = {02},
    url = {https://ww1.microchip.com/downloads/en/AppNotes/Atmel-2585-Setup-and-Use-of-the-SPI_ApplicationNote_AVR151.pdf},
    urldate = {2025-04-24},
    pages = {}
}
@online{nikonhacker_fmount,
  author    = {{Nikon Hacker}},
  title     = {F-Mount Protocol Documentation},
  year      = {2023},
  url       = {https://nikonhacker.com/wiki/F-Mount},
  urldate   = {2025-05-12},
  note      = {Hozzáférés dátuma: 2025-05-12}
}

@online{lainy_nikonlens_issue1,
  author    = {lainy},
  title     = {Issue \#1 on NikonLens: Lens communication protocol notes},
  year      = {2025},
  url       = {https://github.com/lainy/NikonLens/issues/1},
  urldate   = {2025-05-12},
  note      = {GitHub issue; hozzáférés dátuma: 2025-05-12}
}

@online{nikonhacker_fmount_pins,
  title     = {F-Mount},
  year      = {2023},
  url       = {https://web.archive.org/web/20230323004623/https://nikonhacker.com/wiki/F-Mount},
  urldate   = {2025-05-12},
}

@online{avr_compiler_bugs,
  title     = {Upgrade rust toolchain to nightly-2025-01-01},
  url       = {https://github.com/Rahix/avr-hal/pull/585},
  urldate   = {2025-05-12},
}

@online{arduino_hal,
  title     = {avr-hal},
  url       = {https://github.com/Rahix/avr-hal},
  urldate   = {2025-05-12},
}

@article{yoo2003introduction,
  title={Introduction to hardware abstraction layers for SoC},
  author={Yoo, Sungjoo and Jerraya, Ahmed A},
  journal={Embedded software for SoC},
  pages={179--186},
  year={2003},
  publisher={Springer}
}
@book{aradi2020jarmuvedezeti,
  author    = {Aradi Szilárd and Bécsi Tamás},
  title     = {Járműfedélzeti rendszerek I.},
  publisher = {Akadémiai Kiadó},
  year      = {2020},
}
@article{zhang2024disassembling,
  title={Disassembling Obfuscated Executables with LLM},
  author={Zhang, Y. and Wang, X. and Li, M. and Chen, Y.},
  journal={arXiv preprint arXiv:2407.08924},
  year={2024},
  url={https://arxiv.org/abs/2407.08924}
}